% This file was created with JabRef 2.10.
% Encoding: UTF8


@InProceedings{Aone&Bennett1995,
  Title                    = {Evaluating Automated and Manual Acquisition of Anaphora Resolution Strategies},
  Author                   = {Aone, Chinatsu and Bennett, Scott William},
  Booktitle                = {Proceedings of the 33rd Annual Meeting on Association for Computational Linguistics},
  Year                     = {1995},

  Address                  = {Stroudsburg, PA, USA},
  Pages                    = {122--129},
  Publisher                = {Association for Computational Linguistics},
  Series                   = {ACL '95},

  Owner                    = {hungn},
  Timestamp                = {2015.12.12}
}

@InProceedings{AmitBagga1998,
  Title                    = {Algorithms for Scoring Coreference Chains},
  Author                   = {Amit Bagga and Breck Baldwin},
  Booktitle                = {The First International Conference on Language Resources and Evaluation Workshop on Linguistics Coreference},
  Year                     = {1998},
  Pages                    = {563-566}
}

@Article{HoTuBao2015,
  Title                    = {Xây dụng và khai thác BAĐT: con đường mới trong khám chữa bệnh và nghiên cứu y học},
  Author                   = {Hồ Tú Bảo},
  Journal                  = {Khoa học \& Công nghệ Việt Nam},
  Year                     = {2015},
  Number                   = {3},
  Pages                    = {16-20},
  Volume                   = {56}
}

@Article{Berger1996,
  Title                    = {A Maximum Entropy Approach to Natural Language Processing},
  Author                   = {Berger, Adam L. and Pietra, Vincent J. Della and Pietra, Stephen A. Della},
  Journal                  = {Computational Linguistics},
  Year                     = {1996},
  Number                   = {1},
  Pages                    = {39--71},
  Volume                   = {22},

  Owner                    = {hungn},
  Timestamp                = {2015.12.12}
}

@InProceedings{CardieWagstaff1999,
  Title                    = {Noun phrase coreference as clustering},
  Author                   = {Claire Cardie and Kiri Wagstaff},
  Booktitle                = {Proceedings of the Joint Conference on Empirical Methods in NLP and Very Large Corpora},
  Year                     = {1999},
  Organization             = {ACL},
  Pages                    = {82--89},

  Owner                    = {hungn},
  Timestamp                = {2015.12.10}
}

@Article{Santorini1990,
  Title                    = {Part-of-Speech Tagging Guidelines for the Penn Treebank Project (3rd Revision)},
  Author                   = {Santorini Beatrice},
  Journal                  = {Technical Reports},
  Year                     = {1990},
  Month                    = {January},
  Number                   = {570}
}

@Article{Olivier2004,
  Title                    = {The Unified Medical Language System (UMLS): integrating biomedical terminology},
  Author                   = {Olivier Bodenreider},
  Journal                  = {Nucleic Acids Research},
  Year                     = {2004},
  Month                    = {January},
  Pages                    = {267-270}
}

@Article{LibSVM2011,
  Title                    = {LIBSVM: A library for support vector machines},
  Author                   = {Chih Chung Chang and Chih-Jen Lin},
  Journal                  = {ACM Transactions on Intelligent Systems and Technology},
  Year                     = {2011},
  Note                     = {Software available at http://www.csie.ntu.edu.tw/~cjlin/libsvm},
  Number                   = {3},
  Pages                    = {27:1-27:27},
  Volume                   = {2}
}

@Article{Ahn2008,
  Title                    = {A decision support system to facilitate management of patients with acute gastrointestinal bleeding},
  Author                   = {Chu and Ahn and Halwan},
  Journal                  = {Artif Intell Med},
  Year                     = {2008},

  Month                    = {Mar}
}

@Article{Mezei1999,
  Title                    = {Adverse events in ambulatory surgery},
  Author                   = {Chung and Mezei and Tong},
  Journal                  = {Can J Anaesth},
  Year                     = {1999},

  Month                    = {April}
}

@Article{Georgehripcsak2008,
  Title                    = {Automated Acquisition of Disease–Drug Knowledge from Biomedical and Clinical Documents: An Initial Study},
  Author                   = {Elizabeths and Georgehripcsak and Hua Xu},
  Journal                  = {America Medical Informatics Association},
  Year                     = {2008},

  Month                    = {February},
  Volume                   = {15}
}

@Article{Freund1999,
  Title                    = {Large Margin Classification Using the Perceptron Algorithm},
  Author                   = {Freund, Yoav and Schapire, Robert E.},
  Journal                  = {Machine Learning},
  Year                     = {1999},
  Number                   = {3},
  Pages                    = {277--296},
  Volume                   = {37},

  Owner                    = {hungn},
  Timestamp                = {2015.12.12}
}

@InProceedings{Grosz1983,
  Title                    = {Providing a Unified Account of Definite Noun Phrases in Discourse},
  Author                   = {Grosz, Barbara J. and Joshi, Aravind K. and Weinstein, Scott},
  Booktitle                = {Proceedings of the 21st Annual Meeting on Association for Computational Linguistics},
  Year                     = {1983},

  Address                  = {Stroudsburg, PA, USA},
  Pages                    = {44--50},
  Publisher                = {Association for Computational Linguistics},
  Series                   = {ACL '03},

  Owner                    = {hungn},
  Timestamp                = {2015.12.10}
}

@Misc{opennlp,
  Title                    = {Apache OpenNLP},
  Author                   = {Apache Software Foundation},
  Month                    = {January},
  Year                     = {2004},
  Url                      = {https://opennlp.apache.org/}
}

@Article{AbelKho2012,
  Title                    = {Use of diverse electronic medical record systems to identify genetic risk for type 2 diabetes within a genome-wide association study},
  Author                   = {Abel N Kho and M Geoffrey Hayes and Laura Rasmussen Torvik},
  Journal                  = {Journal of the American Medical Informatics Association},
  Year                     = {2012},

  Month                    = {March},
  Volume                   = {19}
}

@Article{HungarianMethod,
  Title                    = {The Hungarian Method for the assignment problem},
  Author                   = {Harold W. Kuhn},
  Journal                  = {Naval Research Logistics Quarterly},
  Year                     = {1955},
  Pages                    = {83--97},
  Volume                   = {2},

  Owner                    = {hungn},
  Timestamp                = {2015.11.30}
}

@Article{TianxiLiao2010,
  Title                    = {Electronic Medical Records for Discovery Research in Rheumatoid Arthritis},
  Author                   = {Katherine P. Liao and Tianxi Cai},
  Journal                  = {Arthritis Care \& Research},
  Year                     = {2010},

  Month                    = {August},
  Volume                   = {62}
}

@InProceedings{XiaoquangLuo2005,
  Title                    = {On Coreference Resolution Performance Metrics},
  Author                   = {Luo, Xiaoqiang},
  Booktitle                = {Proceedings of the Conference on Human Language Technology and Empirical Methods in Natural Language Processing},
  Year                     = {2005},

  Address                  = {Stroudsburg, PA, USA},
  Pages                    = {25--32},
  Publisher                = {Association for Computational Linguistics},
  Series                   = {HLT '05}
}

@InProceedings{Lou2004,
  Title                    = {A Mention-synchronous Coreference Resolution Algorithm Based on the Bell Tree},
  Author                   = {Luo, Xiaoqiang and Ittycheriah, Abe and Jing, Hongyan and Kambhatla, Nanda and Roukos, Salim},
  Booktitle                = {Proceedings of the 42nd Annual Meeting on Association for Computational Linguistics},
  Year                     = {2004},

  Address                  = {Stroudsburg, PA, USA},
  Pages                    = {135--142},
  Publisher                = {Association for Computational Linguistics},
  Series                   = {ACL '04},

  Owner                    = {hungn},
  Timestamp                = {2015.12.12}
}

@Book{StephenMarsland2009,
  Title                    = {Machine Learning: An Algorithmic Perspective},
  Author                   = {Stephen Marsland},
  Publisher                = {Chapman \& Hall/CRC},
  Year                     = {2009}
}

@InProceedings{McCarthy&Lehnert1995,
  Title                    = {Using Decision Trees for Conference Resolution},
  Author                   = {McCarthy, Joseph F. and Lehnert, Wendy G.},
  Booktitle                = {Proceedings of the 14th International Joint Conference on Artificial Intelligence - Volume 2},
  Year                     = {1995},

  Address                  = {San Francisco, CA, USA},
  Pages                    = {1050--1055},
  Publisher                = {Morgan Kaufmann Publishers Inc.},
  Series                   = {IJCAI'95},

  Owner                    = {hungn},
  Timestamp                = {2015.12.12}
}

@Article{RandolphMiller2008,
  Title                    = {Development and Evaluation of a Clinical Note Section Header Terminology},
  Author                   = {Randolph A. Miller and Kevin B. Johnson and Anderson Spickard Joshua C. Denny},
  Journal                  = {Journal of the American Medical Informatics Association : JAMIA},
  Year                     = {2008}
}

@InProceedings{VincentNg2010,
  Title                    = {Supervised noun phrase coreference research: the first fifteen years},
  Author                   = {Vincent Ng},
  Booktitle                = {Proceedings of the 48th Annual Meeting of the Association for Computational Linguistics},
  Year                     = {2010},

  Address                  = {Uppsala Sweden},
  Editor                   = {Vincent Ng},
  Organization             = {Association for Computational Linguistics},
  Pages                    = {1396-1441}
}

@InProceedings{VincentNg2002a,
  Title                    = {Improving machine learning approaches to coreference resolution},
  Author                   = {Vincent Ng and Claire Cardie},
  Booktitle                = {Proceedings of the 40th Annual Meeting on Association for Computational Linguistics},
  Year                     = {2002},

  Address                  = {Philadelphia, Pennsylvania},
  Editor                   = {Vincent Ng and Claire Cardie},
  Organization             = {Association for Computational Linguistics},
  Pages                    = {104-111}
}

@InProceedings{VincentNg2002b,
  Title                    = {Combining sample selection and error-driven pruning for machine learning of coreference rules},
  Author                   = {Vincent Ng and Claire Cardie},
  Booktitle                = {Proceedings of the ACL-02 Conference on Empirical Methods in Natural Language Processing - Volume 10},
  Year                     = {2002},

  Address                  = {Stroudsburg, PA, USA},
  Pages                    = {55--62},
  Publisher                = {Association for Computational Linguistics},
  Series                   = {EMNLP '02},
  Volume                   = {10}
}

@Article{Perlis2012,
  Title                    = {Using electronic medical records to enable large-scale studies in psychiatry: treatment resistant depression as a model},
  Author                   = {Perlis,R. H. and Iosifescu,D. V. and Castro,V. M. and Murphy,S. N. and Gainer,V. S. and Minnier,J. and Cai,T. and Goryachev,S. and Zeng,Q. and Gallagher,P. J. and Fava,M. and Weilburg,J. B. and Churchill,S. E. and Kohane,I. S. and Smoller,J. W.},
  Journal                  = {Psychological Medicine},
  Year                     = {2012},

  Month                    = {January},
  Pages                    = {41-50},
  Volume                   = {42}
}

@Article{PeterJensen,
  Title                    = {Using Electronic Patient Records to Discover Disease Correlations and Stratify Patient Cohorts},
  Author                   = {Francisco S. Roque and Peter B. Jensen and Henriette Schmock},
  Journal                  = {PLoS Comput Biol},
  Year                     = {2011},

  Month                    = {August}
}

@InProceedings{KimSang2003,
  Title                    = {Introduction to the CoNLL-2003 Shared Task: Language-Independent Named Entity Recognition},
  Author                   = {Erik F. Tjong Kim Sang and Fien De Meulder},
  Booktitle                = {Proceedings of the seventh conference on Natural language learning},
  Year                     = {2003},
  Organization             = {Association for Computational Linguistics},
  Pages                    = {142-147},
  Volume                   = {4}
}

@Article{DipankarSenguta2013,
  Title                    = {SN algorithm, analysis of temporal clinical data for mining periodic patterns and impending augury},
  Author                   = {Dipankar Sengupta and Pradeep K Naik},
  Journal                  = {Clinical Bioinformatics},
  Year                     = {2013}
}

@Article{RobertRahimi2013,
  Title                    = {An Automated Model Using Electronic Medical Record Data Identifies Patients with Cirrhosis at High Risk for Readmission},
  Author                   = {Amit G. Singal and Robert S. Rahimi and Christopher Clark},
  Journal                  = {Clinical Gastroenterology and Hepatology},
  Year                     = {2013}
}

@Article{Sohn2013,
  Title                    = {Comprehensive temporal information detection from clinical text: medical events, time, and TLINK identification},
  Author                   = {S Sohn and KB Wagholikar and SR Jonnalagadda and C Tao and RE Komandur and H Liu},
  Journal                  = {Journal of the American Medical Informatics Association},
  Year                     = {2013},
  Month                    = {September},
  Volume                   = {20}
}

@Article{Soon2001,
  Title                    = {A machine learning approach to coreference resolution of noun phrases},
  Author                   = {Wee Meng Soon and Hwee Tou Ng and Daniel Chung Yong Lim},
  Journal                  = {Computational Linguistics},
  Year                     = {2001},

  Month                    = {December},
  Number                   = {4},
  Pages                    = {521--544},
  Volume                   = {27}
}

@Article{OzlemUzuner2012,
  Title                    = {Evaluating the state of the art in coreference resolution for electronic medical records},
  Author                   = {Özlem Uzuner},
  Journal                  = {Journal of the American Medical Informatics Association : JAMIA},
  Year                     = {2012},
  Number                   = {5},
  Pages                    = {786-791},
  Volume                   = {19}
}

@Article{OzlemUzuner2011,
  Title                    = {2010 i2b2/VA challenge on concepts, assertions, and relations in clinical text},
  Author                   = {Özlem Uzuner and Brett R South and Shuying Shen and Scott L DuVall},
  Journal                  = {Journal of the American Medical Informatics Association : JAMIA},
  Year                     = {2011},
  Number                   = {5},
  Pages                    = {552-556},
  Volume                   = {18}
}

@InProceedings{MarcVilain1995,
  Title                    = {A model-theoretic coreference scoring scheme},
  Author                   = {Marc Vilain and John Burger and John Aberdeen and Dennis Connolly and Lynette Hirschman},
  Booktitle                = {6th Conference on Message Understanding},
  Year                     = {1995},
  Organization             = {Association for Computational Linguistics},
  Pages                    = {45-52}
}

@Misc{wikipediaminer,
  Title                    = {Wikipedia-miner},
  Author                   = {University of Waikato},
  Url                      = {https://github.com/dnmilne/wikipediaminer}
}

@Misc{treebank,
  Title                    = {Treebank},

  Author                   = {Wikipedia},
  Month                    = {September},
  Year                     = {2015},

  Url                      = {https://en.wikipedia.org/wiki/Treebank}
}

@Misc{umlswiki,
  Title                    = {Unified Medical Language System},

  Author                   = {Wikipedia},
  Month                    = {September},
  Year                     = {2015},

  Url                      = {https://en.wikipedia.org/wiki/Unified_Medical_Language_System}
}

@Misc{wikipediaabout,
  Title                    = {Wikipedia:About},

  Author                   = {Wikipedia},
  Month                    = {November},
  Year                     = {2015},

  Url                      = {https://en.wikipedia.org/wiki/Wikipedia:About}
}

@Misc{worldknowledge,
  Title                    = {Commonsense knowledge (artificial intelligence)},

  Author                   = {Wikipedia},
  Month                    = {June},
  Year                     = {2015},

  Url                      = {https://en.wikipedia.org/wiki/Commonsense_knowledge_(artificial_intelligence)}
}

@Article{JasonRoy2010,
  Title                    = {Prediction Modeling Using EHR Data},
  Author                   = {Jionglin Wu and Jason Roy and Walter F. Stewart},
  Journal                  = {Medical Care},
  Year                     = {2010},

  Month                    = {June},
  Volume                   = {48}
}

@Article{ZhenmingFu2011,
  Title                    = {Extracting and Integrating Data from Entire Electronic Health Records for Detecting Colorectal Cancer Cases},
  Author                   = {Hua Xu and Zhenming Fu and Anushi Shah},
  Journal                  = {AMIA Annu Symp Pro},
  Year                     = {2011},

  Month                    = {October}
}

@Article{HuaXu2009,
  Title                    = {MedEx: a medication information extraction system for clinical narratives},
  Author                   = {Hua Xu and Shane P Stenner and Son Doan and Kevin B Johnson and Lemuel R Waitman and Joshua C Denny},
  Journal                  = {Journal of the American Medical Informatics Association : JAMIA},
  Year                     = {2009},
  Month                    = {August},
  Volume                   = {17}
}

@Article{YanXu2012,
  Title                    = {A classification approach to coreference in discharge summaries: 2011 i2b2 challenge},
  Author                   = {Yan Xu},
  Journal                  = {Journal of the American Medical Informatics Association : JAMIA},
  Year                     = {2012},
  Number                   = {5},
  Pages                    = {897-905},
  Volume                   = {19}
}

@Article{XiaofengYang2008,
  Title                    = {A Twin-Candidate Model for Learning-Based Anaphora Resolution},
  Author                   = {Xiaofeng Yang and Jian Su and Chew Lim Tan},
  Journal                  = {Computational Linguistics},
  Year                     = {2008},
  Number                   = {3},
  Pages                    = {327-356},
  Volume                   = {34}
}

@InProceedings{Yang2004,
  Title                    = {An NP-cluster Based Approach to Coreference Resolution},
  Author                   = {Yang, Xiaofeng and Su, Jian and Zhou, Guodong and Tan, Chew Lim},
  Booktitle                = {Proceedings of the 20th International Conference on Computational Linguistics},
  Year                     = {2004},

  Address                  = {Stroudsburg, PA, USA},
  Pages                    = {226--232},
  Publisher                = {Association for Computational Linguistics},
  Series                   = {COLING '04},

  Owner                    = {hungn},
  Timestamp                = {2015.12.12}
}

@InProceedings{Yang2003,
  Title                    = {Coreference Resolution Using Competition Learning Approach},
  Author                   = {Yang, Xiaofeng and Zhou, Guodong and Su, Jian and Tan, Chew Lim},
  Booktitle                = {Proceedings of the 41st Annual Meeting on Association for Computational Linguistics - Volume 1},
  Year                     = {2003},

  Address                  = {Stroudsburg, PA, USA},
  Pages                    = {176--183},
  Publisher                = {Association for Computational Linguistics},
  Series                   = {ACL '03},

  Owner                    = {hungn},
  Timestamp                = {2015.12.12}
}

