% This file was created with JabRef 2.11.
% Encoding: UTF8


@InProceedings{AmitBagga1998,
  Title                    = {Algorithms for Scoring Coreference Chains},
  Author                   = {Amit Bagga and Breck Baldwin},
  Booktitle                = {The First International Conference on Language Resources and Evaluation Workshop on Linguistics Coreference},
  Year                     = {1998},
  Pages                    = {563-566}
}

@Article{HoTuBao2015,
  Title                    = {Xây dụng và khai thác BAĐT: con đường mới trong khám chữa bệnh và nghiên cứu y học},
  Author                   = {Hồ Tú Bảo},
  Journal                  = {Khoa học \& Công nghệ Việt Nam},
  Year                     = {2015},
  Number                   = {3},
  Pages                    = {16-20},
  Volume                   = {56}
}

@Article{LibSVM2011,
  Title                    = {LIBSVM: A library for support vector machines},
  Author                   = {Chih Chung Chang and Chih-Jen Lin},
  Journal                  = {ACM Transactions on Intelligent Systems and Technology},
  Year                     = {2011},
  Note                     = {Software available at http://www.csie.ntu.edu.tw/~cjlin/libsvm},
  Number                   = {3},
  Pages                    = {27:1-27:27},
  Volume                   = {2}
}

@Article{Ahn2008,
  Title                    = {A decision support system to facilitate management of patients with acute gastrointestinal bleeding},
  Author                   = {Chu and Ahn and Halwan},
  Journal                  = {Artif Intell Med},
  Year                     = {2008},
  Month                    = {Mar}
}

@Article{Mezei1999,
  Title                    = {Adverse events in ambulatory surgery},
  Author                   = {Chung and Mezei and Tong},
  Journal                  = {Can J Anaesth},
  Year                     = {1999},
  Month                    = {April}
}

@Article{Georgehripcsak2008,
  Title                    = {Automated Acquisition of Disease–Drug Knowledge from Biomedical and Clinical Documents: An Initial Study},
  Author                   = {Elizabeths and Georgehripcsak and Hua Xu},
  Journal                  = {America Medical Informatics Association},
  Year                     = {2008},
  Month                    = {February},
  Volume                   = {15}
}

@Article{TianxiLiao2010,
  Title                    = {Electronic Medical Records for Discovery Research in Rheumatoid Arthritis},
  Author                   = {Katherine P. Liao and Tianxi Cai},
  Journal                  = {Arthritis Care \& Research},
  Year                     = {2010},
  Month                    = {August},
  Volume                   = {62}
}

@InProceedings{XiaoquangLuo2005,
  Title                    = {On Coreference Resolution Performance Metrics},
  Author                   = {Xiaoqiang Luo},
  Booktitle                = {Conference on Human Language Technology and Empirical Methods in Natural Language Processing},
  Year                     = {2005},
  Organization             = {Association for Computational Linguistics},
  Pages                    = {25-32}
}

@Book{StephenMarsland2009,
  Title                    = {Machine Learning: An Algorithmic Perspective},
  Author                   = {Stephen Marsland},
  Publisher                = {Chapman \& Hall/CRC},
  Year                     = {2009}
}

@Article{RandolphMiller2008,
  Title                    = {Development and Evaluation of a Clinical Note Section Header Terminology},
  Author                   = {Randolph A. Miller and Kevin B. Johnson and Anderson Spickard Joshua C. Denny},
  Journal                  = {Journal of the American Medical Informatics Association : JAMIA},
  Year                     = {2008}
}

@InProceedings{VincentNg2010,
  Title                    = {Supervised noun phrase coreference research: the first fifteen years},
  Author                   = {Vincent Ng},
  Booktitle                = {48th Annual Meeting of the Association for Computational Linguistics},
  Year                     = {2010},
  Address                  = {Uppsala Sweden},
  Editor                   = {Vincent Ng},
  Organization             = {Association for Computational Linguistics},
  Pages                    = {1396-1441}
}

@InProceedings{VincentNg2002,
  Title                    = {Improving machine learning approaches to coreference resolution},
  Author                   = {Vincent Ng and Claire Cardie},
  Booktitle                = {40th Annual Meeting on Association for Computational Linguistics},
  Year                     = {2002},
  Address                  = {Philadelphia, Pennsylvania},
  Editor                   = {Vincent Ng and Claire Cardie},
  Organization             = {Association for Computational Linguistics},
  Pages                    = {104-111}
}

@InProceedings{VincentNg2002[2],
  Title                    = {Combining Sample Selection and Error-driven Pruning for Machine Learning of Coreference Rules},
  Author                   = {Vincent Ng and Claire Cardie},
  Booktitle                = {ACL-02 Conference on Empirical Methods in Natural Language Processing},
  Year                     = {2002},
  Organization             = {Association for Computational Linguistics},
  Volume                   = {10}
}

@Article{PeterJensen,
  Title                    = {Using Electronic Patient Records to Discover Disease Correlations and Stratify Patient Cohorts},
  Author                   = {Francisco S. Roque and Peter B. Jensen and Henriette Schmock},
  Journal                  = {PLoS Comput Biol},
  Year                     = {2011},
  Month                    = {August}
}

@Article{DipankarSenguta2013,
  Title                    = {SN algorithm, analysis of temporal clinical data for mining periodic patterns and impending augury},
  Author                   = {Dipankar Sengupta and Pradeep K Naik},
  Journal                  = {Clinical Bioinformatics},
  Year                     = {2013}
}

@Article{RobertRahimi2013,
  Title                    = {An Automated Model Using Electronic Medical Record Data Identifies Patients with Cirrhosis at High Risk for Readmission},
  Author                   = {Amit G. Singal and Robert S. Rahimi and Christopher Clark},
  Journal                  = {Clinical Gastroenterology and Hepatology},
  Year                     = {2013}
}

@Article{WeeMengSoon2001,
  Title                    = {A Machine Learning Approach to Coreference Resolution of Noun Phrases},
  Author                   = {Wee Meng Soon and Hwee Tou Ng and Daniel Chung Yong Lim},
  Year                     = {2001},
  Pages                    = {525}
}

@Article{WeeSoon2001,
  Title                    = {A machine learning approach to coreference resolution of noun phrases},
  Author                   = {Wee Meng Soon and Hwee Tou Ng and Daniel Chung Yong Lim},
  Journal                  = {Computational Linguistics},
  Year                     = {2001},
  Month                    = {December},
  Number                   = {4},
  Pages                    = {521-544},
  Volume                   = {27}
}

@Article{OzlemUzuner2012,
  Title                    = {Evaluating the state of the art in coreference resolution for electronic medical records},
  Author                   = {Özlem Uzuner},
  Journal                  = {Journal of the American Medical Informatics Association : JAMIA},
  Year                     = {2012},
  Number                   = {5},
  Pages                    = {786-791},
  Volume                   = {19}
}

@Article{OzlemUzuner2011,
  Title                    = {2010 i2b2/VA challenge on concepts, assertions, and relations in clinical text},
  Author                   = {Özlem Uzuner and Brett R South and Shuying Shen and Scott L DuVall},
  Journal                  = {Journal of the American Medical Informatics Association : JAMIA},
  Year                     = {2011},
  Number                   = {5},
  Pages                    = {552-556},
  Volume                   = {18}
}

@InProceedings{MarcVilain1995,
  Title                    = {A Model-theoretic Coreference Scoring Scheme},
  Author                   = {Marc Vilain and John Burger and John Aberdeen and Dennis Connolly and Lynette Hirschman},
  Booktitle                = {6th Conference on Message Understanding},
  Year                     = {1995},
  Organization             = {Association for Computational Linguistics},
  Pages                    = {45-52}
}

@Misc{worldknowledge,
  Title                    = {Commonsense knowledge (artificial intelligence)},
  Author                   = {Wikipedia},
  Month                    = {June},
  Year                     = {2015},
  Url                      = {https://en.wikipedia.org/wiki/Commonsense_knowledge_(artificial_intelligence)}
}

@Article{JasonRoy2010,
  Title                    = {Prediction Modeling Using EHR Data},
  Author                   = {Jionglin Wu and Jason Roy and Walter F. Stewart},
  Journal                  = {Medical Care},
  Year                     = {2010},
  Month                    = {June},
  Volume                   = {48}
}

@Article{ZhenmingFu2011,
  Title                    = {Extracting and Integrating Data from Entire Electronic Health Records for Detecting Colorectal Cancer Cases},
  Author                   = {Hua Xu and Zhenming Fu and Anushi Shah},
  Journal                  = {AMIA Annu Symp Pro},
  Year                     = {2011},
  Month                    = {October}
}

@Article{YanXu2012,
  Title                    = {A classification approach to coreference in discharge summaries: 2011 i2b2 challenge},
  Author                   = {Yan Xu},
  Journal                  = {Journal of the American Medical Informatics Association : JAMIA},
  Year                     = {2012},
  Number                   = {5},
  Pages                    = {897-905},
  Volume                   = {19}
}

@Article{XiaofengYang2008,
  Title                    = {A Twin-Candidate Model for Learning-Based Anaphora Resolution},
  Author                   = {Xiaofeng Yang and Jian Su and Chew Lim Tan},
  Journal                  = {Computational Linguistics},
  Year                     = {2008},
  Number                   = {3},
  Pages                    = {327-356},
  Volume                   = {34}
}

